<record><leader>00000cas a22000007a 4500</leader><controlfield tag="001">9874695</controlfield><controlfield tag="008">830902d18581869vaudn ne      0    0eng d</controlfield><datafield ind1=" " ind2=" " tag="010"><subfield code="a">sn 83021189 </subfield></datafield><datafield ind1=" " ind2=" " tag="040"><subfield code="a">NPX</subfield><subfield code="b">eng</subfield><subfield code="c">NPX</subfield><subfield code="d">NPY</subfield><subfield code="d">NPU</subfield><subfield code="d">DLC</subfield><subfield code="d">NVF</subfield><subfield code="d">CNK</subfield><subfield code="d">MGN</subfield><subfield code="d">NVK</subfield><subfield code="d">OCL</subfield><subfield code="d">NVK</subfield><subfield code="d">KRTAS</subfield><subfield code="d">OCLCQ</subfield><subfield code="d">OCLCF</subfield><subfield code="d">OCLCO</subfield></datafield><datafield ind1=" " ind2=" " tag="042"><subfield code="a">msc</subfield></datafield><datafield ind1=" " ind2=" " tag="043"><subfield code="a">n-us-va</subfield></datafield><datafield ind1="0" ind2="0" tag="050"><subfield code="a">Newspaper 10057</subfield></datafield><datafield ind1="0" ind2=" " tag="130"><subfield code="a">Daily Republican (Lynchburg, Va. : 1858)</subfield></datafield><datafield ind1="1" ind2="0" tag="245"><subfield code="a">Daily Republican.</subfield></datafield><datafield ind1="1" ind2="3" tag="246"><subfield code="a">Daily Lynchburg Republican</subfield><subfield code="f">&lt;Jan. 26-Mar. 29, 1865&gt;</subfield></datafield><datafield ind1="1" ind2="3" tag="246"><subfield code="a">Republican</subfield></datafield><datafield ind1="1" ind2="3" tag="246"><subfield code="a">Lynchburg daily Republican</subfield></datafield><datafield ind1=" " ind2=" " tag="260"><subfield code="a">Lynchburg, Va. :</subfield><subfield code="b">Glass &amp; Hardwicke</subfield></datafield><datafield ind1=" " ind2=" " tag="300"><subfield code="a">v. :</subfield><subfield code="b">ill. ;</subfield><subfield code="c">42-59 cm.</subfield></datafield><datafield ind1=" " ind2=" " tag="310"><subfield code="a">Daily (except Mon.)</subfield></datafield><datafield ind1="1" ind2=" " tag="362"><subfield code="a">Began in Oct. 1858; ceased in Sept. 1869.</subfield></datafield><datafield ind1=" " ind2=" " tag="500"><subfield code="a">Editor: Robert. H. Glass, &lt;June 10, 1861-July 24, 1861&gt;.</subfield></datafield><datafield ind1=" " ind2=" " tag="500"><subfield code="a">Publishers: Hardwicke, Morgan &amp; Foster, &lt;Mar. 2, 1869&gt;-Aug. 28, 1869; Betts, Hardwicke &amp; Foster, &lt;Aug. 29, 1869-&gt;.</subfield></datafield><datafield ind1=" " ind2=" " tag="500"><subfield code="a">Issues for Jan. 26-Mar. 29, 1865 are called: Daily Lynchburg Republican. Issue for May 22, 1865 is called: The Lynchburg Republican.</subfield></datafield><datafield ind1=" " ind2=" " tag="515"><subfield code="a">Suspended Apr.-May 12, 1865.</subfield></datafield><datafield ind1=" " ind2=" " tag="530"><subfield code="a">Also issued on microfilm from American Antiquarian Society.</subfield></datafield><datafield ind1=" " ind2=" " tag="580"><subfield code="a">Cappon suggests Daily Republican (Lynchburg, Va. : 1858) succeeded the semiweekly ed.: Republican (Lynchburg, Va. : 1856 : Semiweekly) in Oct. 1858.</subfield></datafield><datafield ind1=" " ind2=" " tag="588"><subfield code="a">Description based on: Vol. 1, no. 28 (Nov. 16, 1858).</subfield></datafield><datafield ind1=" " ind2="0" tag="651"><subfield code="a">Lynchburg (Va.)</subfield><subfield code="v">Newspapers.</subfield></datafield><datafield ind1=" " ind2="7" tag="655"><subfield code="a">Newspapers.</subfield><subfield code="2">fast</subfield><subfield code="0">(OCoLC)fst01423814</subfield></datafield><datafield ind1=" " ind2="7" tag="651"><subfield code="a">Virginia</subfield><subfield code="z">Lynchburg.</subfield><subfield code="2">fast</subfield><subfield code="0">(OCoLC)fst01207740</subfield></datafield><datafield ind1="1" ind2=" " tag="700"><subfield code="a">Glass, Robert. H.,</subfield><subfield code="d">1822-1896.</subfield></datafield><datafield ind1=" " ind2=" " tag="752"><subfield code="a">United States</subfield><subfield code="b">Virginia</subfield><subfield code="d">Lynchburg.</subfield></datafield><datafield ind1="1" ind2=" " tag="775"><subfield code="t">Tri-weekly Republican (Lynchburg, Va. : 1866)</subfield><subfield code="w">(DLC)sn 83021190</subfield></datafield><datafield ind1="0" ind2=" " tag="775"><subfield code="t">Lynchburg Republican (Lynchburg, Va. : 1862 : Triweekly)</subfield><subfield code="w">(DLC)sn 85034489</subfield></datafield><datafield ind1="0" ind2=" " tag="775"><subfield code="t">Tri-weekly Republican (Lynchburg, Va. : 1860)</subfield><subfield code="w">(DLC)sn 85034478</subfield></datafield><datafield ind1="0" ind2=" " tag="775"><subfield code="t">Republican (Lynchburg, Va. : 1850 : Triweekly)</subfield><subfield code="w">(DLC)sn 94059402</subfield></datafield><datafield ind1="1" ind2="0" tag="780"><subfield code="t">Republican (Lynchburg, Va. : 1856 : Semiweekly)</subfield><subfield code="w">(DLC)sn 85034369</subfield></datafield><datafield ind1="0" ind2="0" tag="785"><subfield code="t">Lynchburg daily Republican</subfield><subfield code="w">(DLC)sn 83021191</subfield></datafield><datafield ind1=" " ind2=" " tag="938"><subfield code="a">Kirtas Technologies, Inc.</subfield><subfield code="b">KRTS</subfield><subfield code="n">737410</subfield></datafield></record>